<?xml version="1.0" encoding="UTF-8"?><collection xmlns="http://www.loc.gov/MARC21/slim"><record><leader>00624nam--2200181-i-4500</leader><controlfield tag="001">000032776</controlfield><controlfield tag="002">20161230</controlfield><controlfield tag="005">20161230201039</controlfield><controlfield tag="008">060222s1000------------r-----000-0-eng-d</controlfield><datafield ind1=" " ind2=" " tag="020"><subfield code="a">0720402603</subfield></datafield><datafield ind1=" " ind2=" " tag="040"><subfield code="a">IFIN-HH</subfield></datafield><datafield ind1=" " ind2=" " tag="080"><subfield code="a">535.33(061.3):537.311.33(061.3):539.2(061.3)</subfield></datafield><datafield ind1="1" ind2=" " tag="100"><subfield code="a">Seraphin, B.O</subfield></datafield><datafield ind1=" " ind2=" " tag="245"><subfield code="a">Modulation spectroscopy</subfield><subfield code="b">Proceedings of the first international conference on modulation spectroscopy, tucson, arizona, november, 23-26, 1972</subfield><subfield code="c">B.o. seraphin</subfield></datafield><datafield ind1=" " ind2=" " tag="260"><subfield code="a">Amsterdam</subfield><subfield code="b">North-holland Publishing Company</subfield><subfield code="c">1973</subfield></datafield><datafield ind1=" " ind2=" " tag="300"><subfield code="a">X + 1031P</subfield></datafield><datafield ind1=" " ind2=" " tag="852"><subfield code="a">40918</subfield><subfield code="c">535.33</subfield></datafield><datafield ind1=" " ind2=" " tag="CAT"><subfield code="a">Sys</subfield><subfield code="c">20101206</subfield><subfield code="h">151122</subfield></datafield></record></collection>